@Manual{Banisar2011,
author = {Banisar, David},
doi = {10.2139/ssrn.1951416},
issn = {1556-5068},
journal = {SSRN Electronic Journal},
title = {{Data Protection Laws Around the World Map}},
url = {http://www.ssrn.com/abstract=1951416},
year = {2011}
}

