@article{Banisar2011,
author = {Banisar, David},
doi = {10.2139/ssrn.1951416},
issn = {1556-5068},
journal = {SSRN Electronic Journal},
title = {{Data Protection Laws Around the World Map}},
url = {http://www.ssrn.com/abstract=1951416},
year = {2011}
}

@article{Polleres2018,
  title={A more decentralized vision for linked data},
  author={Polleres, Axel and Kamdar, Maulik R and Fernandez Garcia, Javier David and Tudorache, Tania and Musen, Mark A},
  year={2018},
  publisher={Department f{\"u}r Informationsverarbeitung und Prozessmanagement, WU Vienna~â€¦}
}
